<?xml version="1.0" encoding="UTF-8"?><collection xmlns="http://www.loc.gov/MARC21/slim"><record><leader>00644nam--2200181-i-4500</leader><controlfield tag="001">000036449</controlfield><controlfield tag="002">20161230</controlfield><controlfield tag="005">20161230201040</controlfield><controlfield tag="008">060222s1000------------r-----000-0-eng-d</controlfield><datafield ind1=" " ind2=" " tag="040"><subfield code="a">IFIN-HH</subfield></datafield><datafield ind1=" " ind2=" " tag="080"><subfield code="a">539.1.083:621.3.06</subfield></datafield><datafield ind1="1" ind2=" " tag="100"><subfield code="a">Powell, B. W</subfield></datafield><datafield ind1="1" ind2="0" tag="245"><subfield code="a">Programming for flying spot devices</subfield><subfield code="b">A conference held at the max-planck-institut fur physik und astrophysik, munich on 18-20 january, 1967</subfield><subfield code="c">B.w. powell, p. seyboth (proceeidngs eds.)</subfield></datafield><datafield ind1=" " ind2=" " tag="260"><subfield code="a">Munich</subfield><subfield code="b">Cern And Max-planck-institut Fur Physik</subfield><subfield code="c">1967</subfield></datafield><datafield ind1=" " ind2=" " tag="300"><subfield code="a">VII + 423P</subfield></datafield><datafield ind1="1" ind2=" " tag="700"><subfield code="a">Seyboth, P</subfield><subfield code="e">Ed</subfield></datafield><datafield ind1=" " ind2=" " tag="852"><subfield code="a">27314</subfield><subfield code="c">539.1.07:539.1.08</subfield></datafield><datafield ind1=" " ind2=" " tag="CAT"><subfield code="a">Sys</subfield><subfield code="c">20111019</subfield><subfield code="h">151458</subfield></datafield></record></collection>